<records xmlns="http://www.openarchives.org/OAI/2.0/">
<record>
  <header>
    <identifier>oai:mst.rochester.edu:marcnormalization/83</identifier>
    <datestamp />
    <predecessors>
      <predecessor>oai:mst.rochester.edu:83</predecessor>
    </predecessors>
    <setSpec>MARCXML Bibliographic Records</setSpec>
    <status>deleted</status>
  </header>
  <metadata>
    <marc:record xmlns:marc="http://www.loc.gov/MARC21/slim" xmlns:xsi="http://www.w3.org/2001/XMLSchema-instance" xsi:schemaLocation="http://www.loc.gov/MARC21/slim http://www.loc.gov/standards/marcxml/schema/MARC21slim.xsd">
      <marc:leader>00984ccm a2200313Ia 45x0</marc:leader>
      <marc:controlfield tag="001">2578532</marc:controlfield>
      <marc:controlfield tag="005">20040210095551.0</marc:controlfield>
      <marc:controlfield tag="008">031229s2003    gw clz   hi    n        d</marc:controlfield>
      <marc:datafield ind1=" " ind2=" " tag="035">
        <marc:subfield code="a">(OCoLC)53996941</marc:subfield>
      </marc:datafield>
      <marc:datafield ind1=" " ind2=" " tag="035">
        <marc:subfield code="a">2578532</marc:subfield>
      </marc:datafield>
      <marc:datafield ind1=" " ind2=" " tag="040">
        <marc:subfield code="a">ZJS</marc:subfield>
        <marc:subfield code="c">ZJS</marc:subfield>
        <marc:subfield code="d">ORU</marc:subfield>
      </marc:datafield>
      <marc:datafield ind1="2" ind2=" " tag="024">
        <marc:subfield code="a">201807614</marc:subfield>
      </marc:datafield>
      <marc:datafield ind1="3" ind2="2" tag="028">
        <marc:subfield code="a">HN 761</marc:subfield>
        <marc:subfield code="b">Henle</marc:subfield>
      </marc:datafield>
      <marc:datafield ind1="3" ind2="0" tag="028">
        <marc:subfield code="a">761</marc:subfield>
        <marc:subfield code="b">Henle</marc:subfield>
      </marc:datafield>
      <marc:datafield ind1=" " ind2=" " tag="048">
        <marc:subfield code="a">kb01</marc:subfield>
      </marc:datafield>
      <marc:datafield ind1=" " ind2=" " tag="090">
        <marc:subfield code="a">M11</marc:subfield>
        <marc:subfield code="b">.R333 op.135a, 2003</marc:subfield>
      </marc:datafield>
      <marc:datafield ind1=" " ind2=" " tag="049">
        <marc:subfield code="a">RESM</marc:subfield>
      </marc:datafield>
      <marc:datafield ind1="1" ind2=" " tag="100">
        <marc:subfield code="a">Reger, Max,</marc:subfield>
        <marc:subfield code="d">1873-1916.</marc:subfield>
        <marc:subfield code="4">cmp</marc:subfield>
      </marc:datafield>
      <marc:datafield ind1="1" ind2="0" tag="240">
        <marc:subfield code="a">Kleine Choralvorspiele</marc:subfield>
      </marc:datafield>
      <marc:datafield ind1="1" ind2="0" tag="245">
        <marc:subfield code="a">30 kleine Choralvorspiele fu?r Orgel :</marc:subfield>
        <marc:subfield code="b">Opus 135a = Thirty little chorale preludes for organ /</marc:subfield>
        <marc:subfield code="c">Max Reger ; herausgegeben von Michael Kube.</marc:subfield>
      </marc:datafield>
      <marc:datafield ind1="3" ind2="1" tag="246">
        <marc:subfield code="a">Thirty little chorale preludes</marc:subfield>
      </marc:datafield>
      <marc:datafield ind1="3" ind2="1" tag="246">
        <marc:subfield code="a">Little chorale preludes</marc:subfield>
      </marc:datafield>
      <marc:datafield ind1=" " ind2=" " tag="260">
        <marc:subfield code="a">Mu?nchen :</marc:subfield>
        <marc:subfield code="b">G. Henle Verlag,</marc:subfield>
        <marc:subfield code="c">c2003.</marc:subfield>
      </marc:datafield>
      <marc:datafield ind1=" " ind2=" " tag="300">
        <marc:subfield code="a">29 p. of music ;</marc:subfield>
        <marc:subfield code="c">24 x 31 cm.</marc:subfield>
      </marc:datafield>
      <marc:datafield ind1=" " ind2=" " tag="500">
        <marc:subfield code="a">Preface German, English, and French.</marc:subfield>
      </marc:datafield>
      <marc:datafield ind1=" " ind2="0" tag="650">
        <marc:subfield code="a">Chorale preludes.</marc:subfield>
      </marc:datafield>
      <marc:datafield ind1=" " ind2="0" tag="650">
        <marc:subfield code="a">Organ music.</marc:subfield>
      </marc:datafield>
      <marc:datafield ind1="1" ind2=" " tag="700">
        <marc:subfield code="a">Kube, Michael,</marc:subfield>
        <marc:subfield code="d">1968-</marc:subfield>
      </marc:datafield>
      <marc:datafield ind1=" " ind2=" " tag="994">
        <marc:subfield code="a">X0</marc:subfield>
        <marc:subfield code="b">RES</marc:subfield>
      </marc:datafield>
      <marc:datafield tag="931" ind1=" " ind2=" ">
        <marc:subfield code="a">Image</marc:subfield>
        <marc:subfield code="5">NRU</marc:subfield>
      </marc:datafield>
      <marc:datafield tag="932" ind1=" " ind2=" ">
        <marc:subfield code="a">Notated music</marc:subfield>
        <marc:subfield code="5">NRU</marc:subfield>
      </marc:datafield>
      <marc:datafield tag="933" ind1=" " ind2=" ">
        <marc:subfield code="a">Notated music</marc:subfield>
        <marc:subfield code="5">NRU</marc:subfield>
      </marc:datafield>
      <marc:datafield tag="935" ind1=" " ind2=" ">
        <marc:subfield code="a">Monograph/Item</marc:subfield>
        <marc:subfield code="5">NRU</marc:subfield>
      </marc:datafield>
      <marc:controlfield tag="003">NRU</marc:controlfield>
      <marc:datafield tag="035" ind1=" " ind2=" ">
        <marc:subfield code="a">(NRU)2578532</marc:subfield>
      </marc:datafield>
    </marc:record>
  </metadata>
</record>
</records>
